@misc{path-traced-movies,
	title="The Path to Path-Traced Movies [Электронный ресурс]",
	howpublished="Режим доступа: \url{https://graphics.pixar.com/library/PathTracedMovies/paper.pdf} (дата обращения: 15.11.2020)"
}

@misc{generator,
	title="Поиск генераторов истинных случайных чисел  [Электронный ресурс]",
	howpublished="Режим доступа: \url{https://habr.com/ru/company/mailru/blog/408181/} (дата обращения: 15.11.2020)"
}

@misc{quantum-computers-speed-up,
	title="Yuri Ozhigov, Quantum Computers Speed Up Classical with Probability Zero, Chaos Solitons Fractals 10 (1999) 1707—1714 ",
	howpublished="Режим доступа: \url{xxx.lanl.gov/abs/quant-ph/9803064} (дата обращения: 15.11.2020)"
}

@misc{global-phase,
	title="IBM Quantum Experience - Quantum phase [Электронный ресурс]",
	howpublished="Режим доступа: \url{https://quantum-computing.ibm.com/docs/iqx/guide/introducing-qubit-phase} (дата обращения: 21.09.2020)"
}
@misc{PQC,
	title="Programming Quantum
 Computers. Eric R. Johnston, Nic Harrigan, and Mercedes Gimeno-Segovia",
	year=2019
}

@misc{state,
	title="Quantum computers: state of development and areas of application ",
	howpublished="Режим доступа: \url{https://www.lead-innovation.com/english-blog/quantum-computers-state-of-development} (дата обращения: 27.11.2020)"
}

@misc{emulating,
	title="Quantum computer emulated by a classical system",
	howpublished="Режим доступа: \url{https://phys.org/news/2015-05-quantum-emulated-classical.html} (дата обращения: 27.11.2020)"
}


@misc{
	rustlang,
	title="Rust Programming Language [Электронный ресурс].",
	howpublished="URL: \url{https://doc.rust-lang.org/std/index.html}",
	year=2017
}

